@article{W1,
  title={Assessing genome-wide statistical significance for large p small n problems},
  author={Diao, Guoqing and Vidyashankar, Anand N},
  journal={Genetics},
  volume={194},
  number={3},
  pages={781--783},
  year={2013},
  publisher={Genetics Soc America}
}


@article{W6,
  title={Toward integrating feature selection algorithms for classification and clustering},
  author={Liu, Huan and Yu, Lei},
  journal={IEEE Transactions on knowledge and data engineering},
  volume={17},
  number={4},
  pages={491--502},
  year={2005},
  publisher={IEEE}
}

@article{W23,
  title={A modified T-test feature selection method and its application on the HapMap genotype data},
  author={Zhou, Nina and Wang, Lipo},
  journal={Genomics, proteomics \& bioinformatics},
  volume={5},
  number={3},
  pages={242--249},
  year={2007},
  publisher={Elsevier}
}

@inproceedings{W21,
  title={Chi2: Feature selection and discretization of numeric attributes},
  author={Liu, Huan and Setiono, Rudy},
  booktitle={Tools with artificial intelligence, 1995. proceedings., seventh international conference on},
  pages={388--391},
  year={1995},
  organization={IEEE}
}

@article{W22,
  title={Feature selection based on mutual information criteria of max-dependency, max-relevance, and min-redundancy},
  author={Peng, Hanchuan and Long, Fuhui and Ding, Chris},
  journal={IEEE Transactions on pattern analysis and machine intelligence},
  volume={27},
  number={8},
  pages={1226--1238},
  year={2005},
  publisher={IEEE}
}

@inproceedings{W25,
  title={Maximal information coefficient for feature selection for clinical document classification},
  author={Lin, Chen and Miller, T and Dligach, D and Plenge, RM and Karlson, EW and Savova, G},
  booktitle={ICML Workshop on Machine Learning for Clinical Data. Edingburgh, UK},
  year={2012}
}

@article{W24,
  title={Molecular classification of cancer: class discovery and class prediction by gene expression monitoring},
  author={Golub, Todd R and Slonim, Donna K and Tamayo, Pablo and Huard, Christine and Gaasenbeek, Michelle and Mesirov, Jill P and Coller, Hilary and Loh, Mignon L and Downing, James R and Caligiuri, Mark A and others},
  journal={science},
  volume={286},
  number={5439},
  pages={531--537},
  year={1999},
  publisher={American Association for the Advancement of Science}
}

@article{P34,
  title={Survival associated pathway identification with group L P penalized global AUC maximization},
  author={Liu, Zhenqiu and Magder, Laurence S and Hyslop, Terry and Mao, Li},
  journal={Algorithms for Molecular Biology},
  volume={5},
  number={1},
  pages={30},
  year={2010},
  publisher={BioMed Central}
}

@article{W8,
  title={Detecting novel associations in large data sets},
  author={Reshef, David N and Reshef, Yakir A and Finucane, Hilary K and Grossman, Sharon R and McVean, Gilean and Turnbaugh, Peter J and Lander, Eric S and Mitzenmacher, Michael and Sabeti, Pardis C},
  journal={science},
  volume={334},
  number={6062},
  pages={1518--1524},
  year={2011},
  publisher={American Association for the Advancement of Science}
}

@article{W16,
  title={McTwo: a two-step feature selection algorithm based on maximal information coefficient},
  author={Ge, Ruiquan and Zhou, Manli and Luo, Youxi and Meng, Qinghan and Mai, Guoqin and Ma, Dongli and Wang, Guoqing and Zhou, Fengfeng},
  journal={BMC bioinformatics},
  volume={17},
  number={1},
  pages={142},
  year={2016},
  publisher={BioMed Central}
}

@inproceedings{W26,
  title={Prototype and feature selection by sampling and random mutation hill climbing algorithms},
  author={Skalak, David B},
  booktitle={Proceedings of the eleventh international conference on machine learning},
  pages={293--301},
  year={1994}
}

@inproceedings{W11,
  title={Feature selection via regularized trees},
  author={Deng, Houtao and Runger, George},
  booktitle={Neural Networks (IJCNN), The 2012 International Joint Conference on},
  pages={1--8},
  year={2012},
  organization={IEEE}
}

@article{W12,
  title={Gene selection for cancer identification: a decision tree model empowered by particle swarm optimization algorithm},
  author={Chen, Kun-Huang and Wang, Kung-Jeng and Tsai, Min-Lung and Wang, Kung-Min and Adrian, Angelia Melani and Cheng, Wei-Chung and Yang, Tzu-Sen and Teng, Nai-Chia and Tan, Kuo-Pin and Chang, Ku-Shang},
  journal={BMC bioinformatics},
  volume={15},
  number={1},
  pages={49},
  year={2014},
  publisher={BioMed Central}
}

@article{W10,
  title={Attribute selection method based on a hybrid BPNN and PSO algorithms},
  author={Jin, Cong and Jin, Shu-Wei and Qin, Li-Na},
  journal={Applied Soft Computing},
  volume={12},
  number={8},
  pages={2147--2155},
  year={2012},
  publisher={Elsevier}
}

@article{W13,
  title={Initialization strategies to enhancing the performance of genetic algorithms for the p-median problem},
  author={Li, Xiang and Xiao, Ningchuan and Claramunt, Christophe and Lin, Hui},
  journal={Computers \& Industrial Engineering},
  volume={61},
  number={4},
  pages={1024--1034},
  year={2011},
  publisher={Elsevier}
}

@article{W15,
  title={Gene selection from microarray gene expression data for classification of cancer subgroups employing PSO and adaptive K-nearest neighborhood technique},
  author={Kar, Subhajit and Sharma, Kaushik Das and Maitra, Madhubanti},
  journal={Expert Systems with Applications},
  volume={42},
  number={1},
  pages={612--627},
  year={2015},
  publisher={Elsevier}
}

@article{P32,
  title={Gene selection for cancer classification with the help of bees},
  author={Moosa, Johra Muhammad and Shakur, Rameen and Kaykobad, Mohammad and Rahman, Mohammad Sohel},
  journal={BMC medical genomics},
  volume={9},
  number={2},
  pages={47},
  year={2016},
  publisher={BioMed Central}
}

@article{P33,
  title={Gene selection for microarray cancer classification using a new evolutionary method employing artificial intelligence concepts},
  author={Dashtban, M and Balafar, Mohammadali},
  journal={Genomics},
  volume={109},
  number={2},
  pages={91--107},
  year={2017},
  publisher={Elsevier}
}

@article{W17,
  title={Genetic algorithm-based heuristic for feature selection in credit risk assessment},
  author={Oreski, Stjepan and Oreski, Goran},
  journal={Expert systems with applications},
  volume={41},
  number={4},
  pages={2052--2064},
  year={2014},
  publisher={Elsevier}
}

@article{W18,
  title={A guided hybrid genetic algorithm for feature selection with expensive cost functions},
  author={Jung, Martin and Zscheischler, Jakob},
  journal={Procedia Computer Science},
  volume={18},
  pages={2337--2346},
  year={2013},
  publisher={Elsevier}
}

@article{W19,
  title={Review on statistical methods for gene network reconstruction using expression data},
  author={Wang, YX Rachel and Huang, Haiyan},
  journal={Journal of theoretical biology},
  volume={362},
  pages={53--61},
  year={2014},
  publisher={Elsevier}
}

@article{W20,
  title={A Bayesian framework for the analysis of microarray expression data: regularized t-test and statistical inferences of gene changes},
  author={Baldi, Pierre and Long, Anthony D},
  journal={Bioinformatics},
  volume={17},
  number={6},
  pages={509--519},
  year={2001},
  publisher={Oxford University Press}
}

@article{W7,
  title={Improving the performance of SVM-RFE to select genes in microarray data},
  author={Ding, Yuanyuan and Wilkins, Dawn},
  journal={BMC bioinformatics},
  volume={7},
  number={2},
  pages={S12},
  year={2006},
  publisher={BioMed Central}
}

@article{P1,
  title={Gene selection for cancer classification using support vector machines},
  author={Guyon, Isabelle and Weston, Jason and Barnhill, Stephen and Vapnik, Vladimir},
  journal={Machine learning},
  volume={46},
  number={1},
  pages={389--422},
  year={2002},
  publisher={Springer}
}

@article{P2,
  title={An accelerated procedure for recursive feature ranking on microarray data},
  author={Furlanello, Cesare and Serafini, Maria and Merler, Stefano and Jurman, Giuseppe},
  journal={Neural Networks},
  volume={16},
  number={5},
  pages={641--648},
  year={2003},
  publisher={Elsevier}
}

@article{Y22,
  title={Diffuse large B-cell lymphoma outcome prediction by gene-expression profiling and supervised machine learning},
  author={Shipp, Margaret A and Ross, Ken N and Tamayo, Pablo and Weng, Andrew P and Kutok, Jeffery L and Aguiar, Ricardo CT and Gaasenbeek, Michelle and Angelo, Michael and Reich, Michael and Pinkus, Geraldine S and others},
  journal={Nature medicine},
  volume={8},
  number={1},
  pages={68--74},
  year={2002},
  publisher={Nature Publishing Group}
}

@article{Y23,
  title={Gene expression correlates of clinical prostate cancer behavior},
  author={Singh, Dinesh and Febbo, Phillip G and Ross, Kenneth and Jackson, Donald G and Manola, Judith and Ladd, Christine and Tamayo, Pablo and Renshaw, Andrew A and D'Amico, Anthony V and Richie, Jerome P and others},
  journal={Cancer cell},
  volume={1},
  number={2},
  pages={203--209},
  year={2002},
  publisher={Elsevier}
}

@article{Y24,
  title={Gene expression profile of adult T-cell acute lymphocytic leukemia identifies distinct subsets of patients with different response to therapy and survival},
  author={Chiaretti, Sabina and Li, Xiaochun and Gentleman, Robert and Vitale, Antonella and Vignetti, Marco and Mandelli, Franco and Ritz, Jerome and Foa, Robin},
  journal={Blood},
  volume={103},
  number={7},
  pages={2771--2778},
  year={2004},
  publisher={Am Soc Hematology}
}

@article{Y25,
  title={Prediction of central nervous system embryonal tumour outcome based on gene expression},
  author={Pomeroy, Scott L and Tamayo, Pablo and Gaasenbeek, Michelle and Sturla, Lisa M and Angelo, Michael and McLaughlin, Margaret E and Kim, John YH and Goumnerova, Liliana C and Black, Peter M and Lau, Ching and others},
  journal={Nature},
  volume={415},
  number={6870},
  pages={436--442},
  year={2002},
  publisher={Nature Publishing Group}
}

@article{Y26,
  title={Distinct types of diffuse large B-cell lymphoma identified by gene expression profiling},
  author={Alizadeh, Ash A and Elsen, Michael B and Davis, R Eric and Ma, Chi and others},
  journal={Nature},
  volume={403},
  number={6769},
  pages={503},
  year={2000},
  publisher={Nature Publishing Group}
}

@article{Y27,
  title={Transcriptional gene expression profiles of colorectal adenoma, adenocarcinoma, and normal tissue examined by oligonucleotide arrays},
  author={Notterman, Daniel A and Alon, Uri and Sierk, Alexander J and Levine, Arnold J},
  journal={Cancer research},
  volume={61},
  number={7},
  pages={3124--3130},
  year={2001},
  publisher={AACR}
}

@article{Y20,
  title={Broad patterns of gene expression revealed by clustering analysis of tumor and normal colon tissues probed by oligonucleotide arrays},
  author={Alon, Uri and Barkai, Naama and Notterman, Daniel A and Gish, Kurt and Ybarra, Suzanne and Mack, Daniel and Levine, Arnold J},
  journal={Proceedings of the National Academy of Sciences},
  volume={96},
  number={12},
  pages={6745--6750},
  year={1999},
  publisher={National Acad Sciences}
}

@article{Y21,
  title={Molecular classification of cancer: class discovery and class prediction by gene expression monitoring},
  author={Golub, Todd R and Slonim, Donna K and Tamayo, Pablo and Huard, Christine and Gaasenbeek, Michelle and Mesirov, Jill P and Coller, Hilary and Loh, Mignon L and Downing, James R and Caligiuri, Mark A and others},
  journal={science},
  volume={286},
  number={5439},
  pages={531--537},
  year={1999},
  publisher={American Association for the Advancement of Science}
}

@article{Y28,
  title={The role of the Wnt-signaling antagonist DKK1 in the development of osteolytic lesions in multiple myeloma},
  author={Tian, Erming and Zhan, Fenghuang and Walker, Ronald and Rasmussen, Erik and Ma, Yupo and Barlogie, Bart and Shaughnessy Jr, John D},
  journal={New England Journal of Medicine},
  volume={349},
  number={26},
  pages={2483--2494},
  year={2003},
  publisher={Mass Medical Soc}
}

@article{Y29,
  title={Comprehensive genomic meta-analysis identifies intra-tumoural stroma as a predictor of survival in patients with gastric cancer},
  author={Wu, Yonghui and Grabsch, Heike and Ivanova, Tatiana and Tan, Iain Beehuat and Murray, Jacinta and Ooi, Chia Huey and Wright, Alexander Ian and West, Nicholas P and Hutchins, Gordon GA and Wu, Jeanie and others},
  journal={Gut},
  pages={gutjnl--2011},
  year={2012},
  publisher={BMJ Publishing Group}
}

@article{Y30,
  title={Comparison of global gene expression of gastric cardia and noncardia cancers from a high-risk population in china},
  author={Wang, Gangshi and Hu, Nan and Yang, Howard H and Wang, Lemin and Su, Hua and Wang, Chaoyu and Clifford, Robert and Dawsey, Erica M and Li, Jian-Min and Ding, Ti and others},
  journal={PloS one},
  volume={8},
  number={5},
  pages={e63826},
  year={2013},
  publisher={Public Library of Science}
}

@article{Y31,
  title={Transcriptional signatures as a disease-specific and predictive inflammatory biomarker for type 1 diabetes},
  author={Levy, Hara and Wang, Xujing and Kaldunski, Mary and Jia, Shuang and Kramer, Joanna and Pavletich, Scott J and Reske, Melissa and Gessel, Trevor and Yassai, Maryam and Quasney, Michael W and others},
  journal={Genes and immunity},
  volume={13},
  number={8},
  pages={593},
  year={2012},
  publisher={NIH Public Access}
}

@article{Y32,
  title={TTC7B emerges as a novel risk factor for ischemic stroke through the convergence of several genome-wide approaches},
  author={Krug, Tiago and Gabriel, Jo{\~a}o Paulo and Taipa, Ricardo and Fonseca, Benedita V and Domingues-Montanari, Sophie and Fernandez-Cadenas, Israel and Manso, Helena and Gouveia, Liliana O and Sobral, Jo{\~a}o and Albergaria, Isabel and others},
  journal={Journal of Cerebral Blood Flow \& Metabolism},
  volume={32},
  number={6},
  pages={1061--1072},
  year={2012},
  publisher={SAGE Publications Sage UK: London, England}
}

% just a lecture ppt, no journal found
@article{Y34,
  title={Lecture 4: Gene Expression Analysis},
  author={Wong, Limsoon},
  journal={},   
  year={2012}
}

@article{W3,
  title={MLL translocations specify a distinct gene expression profile that distinguishes a unique leukemia},
  author={Armstrong, Scott A and Staunton, Jane E and Silverman, Lewis B and Pieters, Rob and den Boer, Monique L and Minden, Mark D and Sallan, Stephen E and Lander, Eric S and Golub, Todd R and Korsmeyer, Stanley J},
  journal={Nature genetics},
  volume={30},
  number={1},
  pages={41},
  year={2002},
  publisher={Nature Publishing Group}
}

@article{W5,
  title={Gene selection for cancer identification: a decision tree model empowered by particle swarm optimization algorithm},
  author={Chen, Kun-Huang and Wang, Kung-Jeng and Tsai, Min-Lung and Wang, Kung-Min and Adrian, Angelia Melani and Cheng, Wei-Chung and Yang, Tzu-Sen and Teng, Nai-Chia and Tan, Kuo-Pin and Chang, Ku-Shang},
  journal={BMC bioinformatics},
  volume={15},
  number={1},
  pages={49},
  year={2014},
  publisher={BioMed Central}
}

@article{P8,
  title={Simultaneous classification and relevant feature identification in high-dimensional spaces: application to molecular profiling data},
  author={Bhattacharyya, Chiranjib and Grate, LR and Rizki, A and Radisky, D and Molina, FJ and Jordan, Michael I and Bissell, Mina J and Mian, I Saira},
  journal={Signal Processing},
  volume={83},
  number={4},
  pages={729--743},
  year={2003},
  publisher={Elsevier}
}

@article{P9,
  title={Robust approach for estimating probabilities in Na{\"\i}ve--Bayes Classifier for gene expression data},
  author={Chandra, B and Gupta, Manish},
  journal={Expert Systems with Applications},
  volume={38},
  number={3},
  pages={1293--1298},
  year={2011},
  publisher={Elsevier}
}

@article{P10,
  title={Evaluation of gene importance in microarray data based upon probability of selection},
  author={Fu, Li M and Fu-Liu, Casey S},
  journal={BMC bioinformatics},
  volume={6},
  number={1},
  pages={67},
  year={2005},
  publisher={BioMed Central}
}

@article{P11,
  title={Design of fuzzy expert system for microarray data classification using a novel genetic swarm algorithm},
  author={Kumar, P Ganesh and Victoire, T Aruldoss Albert and Renukadevi, P and Devaraj, Durairaj},
  journal={Expert Systems with Applications},
  volume={39},
  number={2},
  pages={1811--1821},
  year={2012},
  publisher={Elsevier}
}

@article{P12,
  title={PLS-based gene selection and identification of tumor-specific genes},
  author={Ji, Guoli and Yang, Zijiang and You, Wenjie},
  journal={IEEE Transactions on Systems, Man, and Cybernetics, Part C (Applications and Reviews)},
  volume={41},
  number={6},
  pages={830--841},
  year={2011},
  publisher={IEEE}
}

@article{P13,
  title={Classification and diagnostic prediction of cancers using gene expression profiling and artificial neural networks},
  author={Khan, Javed and Wei, Jun S and Ringner, Markus and Saal, Lao H and Ladanyi, Marc and Westermann, Frank and Berthold, Frank and Schwab, Manfred and Antonescu, Cristina R and Peterson, Carsten and others},
  journal={Nature medicine},
  volume={7},
  number={6},
  pages={673},
  year={2001},
  publisher={NIH Public Access}
}

@article{P14,
  title={Gene selection and sample classification on microarray data based on adaptive genetic algorithm/k-nearest neighbor method},
  author={Lee, Chien-Pang and Lin, Wen-Shin and Chen, Yuh-Min and Kuo, Bo-Jein},
  journal={Expert Systems with Applications},
  volume={38},
  number={5},
  pages={4661--4667},
  year={2011},
  publisher={Elsevier}
}

@article{P15,
  title={Kernel based nonlinear dimensionality reduction for microarray gene expression data analysis},
  author={Li, Xuehua and Shu, Lan},
  journal={Expert Systems with Applications},
  volume={36},
  number={4},
  pages={7644--7650},
  year={2009},
  publisher={Elsevier}
}

@article{P16,
  title={A modified binary particle swarm optimization for selecting the small subset of informative genes from gene expression data},
  author={Mohamad, Mohd Saberi and Omatu, Sigeru and Deris, Safaai and Yoshioka, Michifumi},
  journal={IEEE Transactions on Information Technology in Biomedicine},
  volume={15},
  number={6},
  pages={813--822},
  year={2011},
  publisher={IEEE}
}

@article{P17,
  title={Discovering biomarkers from gene expression data for predicting cancer subgroups using neural networks and relational fuzzy clustering},
  author={Pal, Nikhil R and Aguan, Kripamoy and Sharma, Animesh and Amari, Shun-ichi},
  journal={BMC bioinformatics},
  volume={8},
  number={1},
  pages={5},
  year={2007},
  publisher={BioMed Central}
}

@article{P18,
  title={A top-r feature selection algorithm for microarray gene expression data},
  author={Sharma, Alok and Imoto, Seiya and Miyano, Satoru},
  journal={IEEE/ACM Transactions on Computational Biology and Bioinformatics (TCBB)},
  volume={9},
  number={3},
  pages={754--764},
  year={2012},
  publisher={IEEE Computer Society Press}
}

@article{P19,
  title={Hybrid particle swarm optimization and tabu search approach for selecting genes for tumor classification using gene expression data},
  author={Shen, Qi and Shi, Wei-Min and Kong, Wei},
  journal={Computational Biology and Chemistry},
  volume={32},
  number={1},
  pages={53--60},
  year={2008},
  publisher={Elsevier}
}

@article{P20,
  title={Diagnosis of multiple cancer types by shrunken centroids of gene expression},
  author={Tibshirani, Robert and Hastie, Trevor and Narasimhan, Balasubramanian and Chu, Gilbert},
  journal={Proceedings of the National Academy of Sciences},
  volume={99},
  number={10},
  pages={6567--6572},
  year={2002},
  publisher={National Acad Sciences}
}

@article{P21,
  title={A probabilistic mechanism based on clustering analysis and distance measure for subset gene selection},
  author={Wong, Tzu-Tsung and Liu, Kuan-Liang},
  journal={Expert Systems with Applications},
  volume={37},
  number={3},
  pages={2144--2149},
  year={2010},
  publisher={Elsevier}
}

@article{P22,
  title={A stable gene selection in microarray data analysis},
  author={Yang, Kun and Cai, Zhipeng and Li, Jianzhong and Lin, Guohui},
  journal={BMC bioinformatics},
  volume={7},
  number={1},
  pages={228},
  year={2006},
  publisher={BioMed Central}
}

@article{P23,
  title={Reliable multiclass cancer classification of microarray gene expression profiles using an improved wavelet neural network},
  author={Zainuddin, Zarita and Ong, Pauline},
  journal={Expert Systems with Applications},
  volume={38},
  number={11},
  pages={13711--13722},
  year={2011},
  publisher={Elsevier}
}

@article{P24,
  title={A review on evaluation metrics for data classification evaluations},
  author={Hossin, M and Sulaiman, MN},
  journal={International Journal of Data Mining \& Knowledge Management Process},
  volume={5},
  number={2},
  pages={1},
  year={2015},
  publisher={Academy \& Industry Research Collaboration Center (AIRCC)}
}

@article{P26,
  title={How to evaluate performance of prediction methods? Measures and their interpretation in variation effect analysis},
  author={Vihinen, Mauno},
  journal={BMC genomics},
  volume={13},
  number={4},
  pages={S2},
  year={2012},
  publisher={BioMed Central}
}

@article{P27,
  title={Gene expression profile based classification models of psoriasis},
  author={Guo, Pi and Luo, Youxi and Mai, Guoqin and Zhang, Ming and Wang, Guoqing and Zhao, Miaomiao and Gao, Liming and Li, Fan and Zhou, Fengfeng},
  journal={Genomics},
  volume={103},
  number={1},
  pages={48--55},
  year={2014},
  publisher={Elsevier}
}

@article{P28,
  title={A new methodology based on imbalanced classification for predicting outliers in electricity demand time series},
  author={Duque-Pintor, Francisco Javier and Fern{\'a}ndez-G{\'o}mez, Manuel Jes{\'u}s and Troncoso, Alicia and Mart{\'\i}nez-{\'A}lvarez, Francisco},
  journal={Energies},
  volume={9},
  number={9},
  pages={752},
  year={2016},
  publisher={Multidisciplinary Digital Publishing Institute}
}

@article{P29,
  title={Editorial:special issue on learning from imbalanced data sets},
  author={Chawla, Nitesh V. and Japkowicz, Nathalie and Kotcz, Aleksander},
  journal={Acm Sigkdd Explorations Newsletter},
  volume={6},
  number={1},
  pages={1-6},
  year={2004},
}

@article{P30,
  title={Evaluation measures of the classification performance of imbalanced data sets},
  author={Gu, Qiong and Zhu, Li and Cai, Zhihua},
  journal={Computational intelligence and intelligent systems},
  pages={461--471},
  year={2009},
  publisher={Springer}
}

@inproceedings{P31,
  title={Optimized Precision-A new measure for classifier performance evaluation},
  author={Ranawana, Romesh and Palade, Vasile},
  booktitle={Evolutionary Computation, 2006. CEC 2006. IEEE Congress on},
  pages={2254--2261},
  year={2006},
  organization={IEEE}
}

@article{P35,
  title={Exploring conditions for the optimality of naive Bayes},
  author={Zhang, Harry},
  journal={International Journal of Pattern Recognition and Artificial Intelligence},
  volume={19},
  number={02},
  pages={183--198},
  year={2005},
  publisher={World Scientific}
}

@inproceedings{P36,
  title={Data mining with imbalanced class distributions: concepts and methods},
  author={Prati, Ronaldo C and Batista, Gustavo EAPA and Monard, Maria Carolina},
  booktitle={IICAI},
  pages={359--376},
  year={2009}
}

@misc{P37,
  title={A comparison of selection schemes used in genetic algorithms},
  author={Blickle, Tobias and Thiele, Lothar},
  year={1995},
  publisher={TIK-Report}
}

@article{P38,
  title={An introduction to ROC analysis},
  author={Fawcett, Tom},
  journal={Pattern recognition letters},
  volume={27},
  number={8},
  pages={861--874},
  year={2006},
  publisher={Elsevier}
}

@article{P43,
  title={Genetic Algorithms in Search, Optimization and Machine Learning},
  author={Goldberg, David E},
  volume={xiii},
  number={7},
  pages={2104–2116},
  year={2006},
}

@article{RN435,
   author = {Alshamlan, H. M. and Badr, G. H. and Alohali, Y. A.},
   title = {Genetic Bee Colony (GBC) algorithm: A new gene selection method for microarray cancer classification},
   journal = {Computational Biology and Chemistry},
   volume = {56},
   pages = {49-60},
   ISSN = {1476-9271},
   DOI = {10.1016/j.compbiolchem.2015.03.001},
   url = {<Go to ISI>://WOS:000356111800009},
   year = {2015},
   type = {Journal Article}
}

@article{RN417,
   author = {Baldi, P. and Long, A. D.},
   title = {A Bayesian framework for the analysis of microarray expression data: regularized t-test and statistical inferences of gene changes},
   journal = {Bioinformatics},
   volume = {17},
   number = {6},
   pages = {509-519},
   ISSN = {1367-4803},
   DOI = {DOI 10.1093/bioinformatics/17.6.509},
   url = {<Go to ISI>://WOS:000169404700004},
   year = {2001},
   type = {Journal Article}
}

@article{RN413,
   author = {Cui, X. Q. and Churchill, G. A.},
   title = {Statistical tests for differential expression in cDNA microarray experiments},
   journal = {Genome Biology},
   volume = {4},
   number = {4},
   ISSN = {1465-6914},
   DOI = {ARTN 210
DOI 10.1186/gb-2003-4-4-210},
   url = {<Go to ISI>://WOS:000182696200003},
   year = {2003},
   type = {Journal Article}
}

@article{RN431,
   author = {Dashtban, M. and Balafar, M.},
   title = {Gene selection for microarray cancer classification using a new evolutionary method employing artificial intelligence concepts},
   journal = {Genomics},
   volume = {109},
   number = {2},
   pages = {91-107},
   ISSN = {0888-7543},
   DOI = {10.1016/j.ygeno.2017.01.004},
   url = {<Go to ISI>://WOS:000397952500004},
   year = {2017},
   type = {Journal Article}
}

@article{RN418,
   author = {Fox, R. J. and Dimmic, M. W.},
   title = {A two-sample Bayesian t-test for microarray data},
   journal = {Bmc Bioinformatics},
   volume = {7},
   ISSN = {1471-2105},
   DOI = {Artn 126
10.1186/1471-2105-7-126},
   url = {<Go to ISI>://WOS:000236547800001},
   year = {2006},
   type = {Journal Article}
}

@article{RN439,
   author = {Fu, L. M. and Fu-Liu, C. S.},
   title = {Evaluation of gene importance in microarray data based upon probability of selection},
   journal = {Bmc Bioinformatics},
   volume = {6},
   ISSN = {1471-2105},
   DOI = {Artn 67
10.1186/1471-2105-6-67},
   url = {<Go to ISI>://WOS:000228242000001
https://bmcbioinformatics.biomedcentral.com/track/pdf/10.1186/1471-2105-6-67},
   year = {2005},
   type = {Journal Article}
}

@article{RN437,
   author = {Garro, B. A. and Rodriguez, K. and Vazquez, R. A.},
   title = {Classification of DNA microarrays using artificial neural networks and ABC algorithm},
   journal = {Applied Soft Computing},
   volume = {38},
   pages = {548-560},
   ISSN = {1568-4946},
   DOI = {10.1016/j.asoc.2015.10.002},
   url = {<Go to ISI>://WOS:000366805900040},
   year = {2016},
   type = {Journal Article}
}

@article{RN415,
   author = {Ge, R. Q. and Zhou, M. L. and Luo, Y. X. and Meng, Q. H. and Mai, G. Q. and Ma, D. L. and Wang, G. Q. and Zhou, F. F.},
   title = {McTwo: a two-step feature selection algorithm based on maximal information coefficient},
   journal = {Bmc Bioinformatics},
   volume = {17},
   ISSN = {1471-2105},
   DOI = {ARTN 142
10.1186/s12859-016-0990-0},
   url = {<Go to ISI>://WOS:000372708400001},
   year = {2016},
   type = {Journal Article}
}

@article{RN423,
   author = {Guyon, I. and Weston, J. and Barnhill, S. and Vapnik, V.},
   title = {Gene selection for cancer classification using support vector machines},
   journal = {Machine Learning},
   volume = {46},
   number = {1-3},
   pages = {389-422},
   ISSN = {0885-6125},
   DOI = {Doi 10.1023/A:1012487302797},
   url = {<Go to ISI>://WOS:000171501800018},
   year = {2002},
   type = {Journal Article}
}

@article{RN428,
   author = {Jung, M. and Zscheischler, J.},
   title = {A guided hybrid genetic algorithm for feature selection with expensive cost functions},
   journal = {2013 International Conference on Computational Science},
   volume = {18},
   pages = {2337-2346},
   ISSN = {1877-0509},
   DOI = {10.1016/j.procs.2013.05.405},
   url = {<Go to ISI>://WOS:000321051200242},
   year = {2013},
   type = {Journal Article}
}

@article{RN432,
   author = {Kar, S. and Das Sharma, K. and Maitra, M.},
   title = {Gene selection from microarray gene expression data for classification of cancer subgroups employing PSO and adaptive K-nearest neighborhood technique},
   journal = {Expert Systems with Applications},
   volume = {42},
   number = {1},
   pages = {612-627},
   ISSN = {0957-4174},
   DOI = {10.1016/j.eswa.2014.08.014},
   url = {<Go to ISI>://WOS:000344034300051},
   year = {2015},
   type = {Journal Article}
}

@article{RN414,
   author = {Lazar, C. and Taminau, J. and Meganck, S. and Steenhoff, D. and Coletta, A. and Molter, C. and de Schaetzen, V. and Duque, R. and Bersini, H. and Nowe, A.},
   title = {A Survey on Filter Techniques for Feature Selection in Gene Expression Microarray Analysis},
   journal = {Ieee-Acm Transactions on Computational Biology and Bioinformatics},
   volume = {9},
   number = {4},
   pages = {1106-1119},
   ISSN = {1545-5963},
   DOI = {10.1109/Tcbb.2012.33},
   url = {<Go to ISI>://WOS:000304147000018},
   year = {2012},
   type = {Journal Article}
}

@article{RN424,
   author = {Moosa, J. M. and Shakur, R. and Kaykobad, M. and Rahman, M. S.},
   title = {Gene selection for cancer classification with the help of bees},
   journal = {Bmc Medical Genomics},
   volume = {9},
   ISSN = {1755-8794},
   DOI = {ARTN 47
10.1186/s12920-016-0204-7},
   url = {<Go to ISI>://WOS:000381319600004},
   year = {2016},
   type = {Journal Article}
}

@article{RN427,
   author = {Oreski, S. and Oreski, G.},
   title = {Genetic algorithm-based heuristic for feature selection in credit risk assessment},
   journal = {Expert Systems with Applications},
   volume = {41},
   number = {4},
   pages = {2052-2064},
   ISSN = {0957-4174},
   DOI = {10.1016/j.eswa.2013.09.004},
   url = {<Go to ISI>://WOS:000329955900051},
   year = {2014},
   type = {Journal Article}
}

@article{RN420,
   author = {Orian, A. and Grewal, S. S. and Knoepfler, P. S. and Edgar, B. A. and Parkhurst, S. M. and Eisenman, R. N.},
   title = {Genomic binding and transcriptional regulation by the Drosophila Myc and Mnt transcription factors},
   journal = {Molecular Approaches to Controlling Cancer},
   volume = {70},
   pages = {299-307},
   ISSN = {0091-7451},
   DOI = {DOI 10.1101/sqb.2005.70.019},
   url = {<Go to ISI>://WOS:000239915900034},
   year = {2005},
   type = {Journal Article}
}

@article{RN419,
   author = {Pavlidis, P. and Li, Q. H. and Noble, W. S.},
   title = {The effect of replication on gene expression microarray experiments},
   journal = {Bioinformatics},
   volume = {19},
   number = {13},
   pages = {1620-1627},
   ISSN = {1367-4803},
   DOI = {10.1093/bioinformatics/btg227},
   url = {<Go to ISI>://WOS:000185310600004},
   year = {2003},
   type = {Journal Article}
}

@article{RN422,
   author = {Reshef, David N. and Reshef, Yakir A. and Finucane, Hilary K. and Grossman, Sharon R. and Mcvean, Gilean and Turnbaugh, Peter J. and Lander, Eric S. and Mitzenmacher, Michael and Sabeti, Pardis C.},
   title = {Detecting Novel Associations in Large Data Sets},
   journal = {Science},
   volume = {334},
   number = {6062},
   pages = {1518},
   year = {2011},
   type = {Journal Article}
}

@article{RN438,
   author = {Salem, H. and Attiya, G. and El-Fishawy, N.},
   title = {Classification of human cancer diseases by gene expression profiles},
   journal = {Applied Soft Computing},
   volume = {50},
   pages = {124-134},
   ISSN = {1568-4946},
   DOI = {10.1016/j.asoc.2016.11.026},
   url = {<Go to ISI>://WOS:000395834100010},
   year = {2017},
   type = {Journal Article}
}

@article{RN421,
   author = {Sato, N. and Sanjuan, I. M. and Heke, M. and Uchida, M. and Naef, F. and Brivanlou, A. H.},
   title = {Molecular signature of human embryonic stem cells and its comparison with the mouse},
   journal = {Developmental Biology},
   volume = {260},
   number = {2},
   pages = {404-413},
   ISSN = {0012-1606},
   DOI = {10.1016/S0012-1606(03)00256-2},
   url = {<Go to ISI>://WOS:000184946000010},
   year = {2003},
   type = {Journal Article}
}

@article{RN416,
   author = {Shen, Q. and Shi, W. M. and Kong, W.},
   title = {Hybrid particle swarm optimization and tabu search approach for selecting genes for tumor classification using gene expression data},
   journal = {Computational Biology and Chemistry},
   volume = {32},
   number = {1},
   pages = {53-60},
   ISSN = {1476-9271},
   DOI = {10.1016/j.compbiolchem.2007.10.001},
   url = {<Go to ISI>://WOS:000253028600007},
   year = {2008},
   type = {Journal Article}
}

@article{RN430,
   author = {Yang, J. and Honavar, V.},
   title = {Feature subset selection using a genetic algorithm},
   journal = {IEEE Intelligent Systems & Their Applications},
   volume = {13},
   number = {2},
   pages = {44-49},
   year = {2002},
   type = {Journal Article}
}


