@article{W16,
  title={McTwo: a two-step feature selection algorithm based on maximal information coefficient},
  author={Ge, Ruiquan and Zhou, Manli and Luo, Youxi and Meng, Qinghan and Mai, Guoqin and Ma, Dongli and Wang, Guoqing and Zhou, Fengfeng},
  journal={BMC bioinformatics},
  volume={17},
  number={1},
  pages={142},
  year={2016},
  publisher={BioMed Central}
}

@article{W15,
  title={Gene selection from microarray gene expression data for classification of cancer subgroups employing PSO and adaptive K-nearest neighborhood technique},
  author={Kar, Subhajit and Sharma, Kaushik Das and Maitra, Madhubanti},
  journal={Expert Systems with Applications},
  volume={42},
  number={1},
  pages={612--627},
  year={2015},
  publisher={Elsevier}
}

@article{RN440,
   author = {Albanese, D. and Filosi, M. and Visintainer, R. and Riccadonna, S. and Jurman, G. and Furlanello, C.},
   title = {minerva and minepy: a C engine for the MINE suite and its R, Python and MATLAB wrappers},
   journal = {Bioinformatics},
   volume = {29},
   number = {3},
   pages = {407-408},
   ISSN = {1367-4803},
   DOI = {10.1093/bioinformatics/bts707},
   url = {<Go to ISI>://WOS:000314892000022},
   year = {2013},
   type = {Journal Article}
}

@article{RN441,
   author = {Jones, Eric and Oliphant, Travis and Peterson, Pearu},
   title = {SciPy: Open Source Scientific Tools for Python},
   year = {2014},
   type = {Journal Article}
}